@article{robins1997non,
  title={Non-response models for the analysis of non-monotone ignorable missing data},
  author={Robins, James M and Gill, Richard D},
  journal={Statistics in medicine},
  volume={16},
  number={1},
  pages={39--56},
  year={1997},
  publisher={Wiley Online Library}
}
@article{yang2020statistical,
  title={Statistical data integration in survey sampling: A review},
  author={Yang, Shu and Kim, Jae Kwang},
  journal={Japanese Journal of Statistics and Data Science},
  volume={3},
  pages={625--650},
  year={2020},
  publisher={Springer}
}
