@article{robins1997non,
  title={Non-response models for the analysis of non-monotone ignorable missing data},
  author={Robins, James M and Gill, Richard D},
  journal={Statistics in medicine},
  volume={16},
  number={1},
  pages={39--56},
  year={1997},
  publisher={Wiley Online Library}
}
@article{yang2020statistical,
  title={Statistical data integration in survey sampling: A review},
  author={Yang, Shu and Kim, Jae Kwang},
  journal={Japanese Journal of Statistics and Data Science},
  volume={3},
  pages={625--650},
  year={2020},
  publisher={Springer}
}
@article{kim2021combining,
  title={Combining non-probability and probability survey samples through mass imputation},
  author={Kim, Jae Kwang and Park, Seho and Chen, Yilin and Wu, Changbao},
  journal={Journal of the Royal Statistical Society Series A: Statistics in Society},
  volume={184},
  number={3},
  pages={941--963},
  year={2021},
  publisher={Oxford University Press}
}
@article{chen2022nonparametric,
  title={Nonparametric mass imputation for data integration},
  author={Chen, Sixia and Yang, Shu and Kim, Jae Kwang},
  journal={Journal of survey statistics and methodology},
  volume={10},
  number={1},
  pages={1--24},
  year={2022},
  publisher={Oxford University Press}
}
@article{merkouris2004combining,
  title={Combining independent regression estimators from multiple surveys},
  author={Merkouris, Takis},
  journal={Journal of the American Statistical Association},
  volume={99},
  number={468},
  pages={1131--1139},
  year={2004},
  publisher={Taylor \& Francis}
}
@article{merkouris2010combining,
  title={Combining information from multiple surveys by using regression for efficient small domain estimation},
  author={Merkouris, Takis},
  journal={Journal of the Royal Statistical Society: Series B (Statistical Methodology)},
  volume={72},
  number={1},
  pages={27--48},
  year={2010},
  publisher={Wiley Online Library}
}
@article{merkouris2023combining,
  title={Combining National Surveys with Composite Calibration to Improve the Precision of Estimates from the United Kingdom's Living Costs and Food Survey},
  author={Merkouris, Takis and Smith, Paul A and Fallows, Andy},
  journal={Journal of Survey Statistics and Methodology},
  pages={smad001},
  year={2023},
  publisher={Oxford University Press}
}
@book{fuller2009sampling,
  title={Sampling statistics},
  author={Fuller, Wayne A},
  year={2009},
  publisher={John Wiley \& Sons}
}
@book{kim2024statistics,
  title={Statistics in Survey Sampling},
  author={Kim, Jae Kwang},
  year={2024},
  publisher={arXiv}
}
@article{hidiroglou2001double,
  title={Double sampling},
  author={Hidiroglou, MA},
  journal={Survey methodology},
  volume={27},
  number={2},
  pages={143--154},
  year={2001}
}
@article{kim2012combining,
  title={Combining data from two independent surveys: a model-assisted approach},
  author={Kim, Jae Kwang and Rao, Jon NK},
  journal={Biometrika},
  volume={99},
  number={1},
  pages={85--100},
  year={2012},
  publisher={Oxford University Press}
}
@article{shi2023data,
  title={Data integration in causal inference},
  author={Shi, Xu and Pan, Ziyang and Miao, Wang},
  journal={Wiley Interdisciplinary Reviews: Computational Statistics},
  volume={15},
  number={1},
  pages={e1581},
  year={2023},
  publisher={Wiley Online Library}
}
@article{degtiar2023review,
  title={A review of generalizability and transportability},
  author={Degtiar, Irina and Rose, Sherri},
  journal={Annual Review of Statistics and Its Application},
  volume={10},
  pages={501--524},
  year={2023},
  publisher={Annual Reviews}
}
@article{yang2019combining,
  title={Combining multiple observational data sources to estimate causal effects},
  author={Yang, Shu and Ding, Peng},
  journal={Journal of the American Statistical Association},
  year={2019},
  publisher={Taylor \& Francis}
}
@article{li2023improving,
  title={Improving efficiency of inference in clinical trials with external control data},
  author={Li, Xinyu and Miao, Wang and Lu, Fang and Zhou, Xiao-Hua},
  journal={Biometrics},
  volume={79},
  number={1},
  pages={394--403},
  year={2023},
  publisher={Wiley Online Library}
}
@article{tsiatis2006semiparametric,
  title={Semiparametric theory and missing data},
  author={Tsiatis, Anastasios A},
  year={2006},
  publisher={Springer}
}
@incollection{robins2000sensitivity,
  title={Sensitivity analysis for selection bias and unmeasured confounding in missing data and causal inference models},
  author={Robins, James M and Rotnitzky, Andrea and Scharfstein, Daniel O},
  booktitle={Statistical models in epidemiology, the environment, and clinical trials},
  pages={1--94},
  year={2000},
  publisher={Springer}
}
@article{tchetgen2018discrete,
  title={Discrete choice models for nonmonotone nonignorable missing data: Identification and inference},
  author={Tchetgen, Eric J Tchetgen and Wang, Linbo and Sun, BaoLuo},
  journal={Statistica Sinica},
  volume={28},
  number={4},
  pages={2069},
  year={2018},
  publisher={NIH Public Access}
}
@article{cheng2022handling,
  title={Handling Nonmonotone Missing Data with Available Complete-Case Missing Value Assumption},
  author={Cheng, Gang and Chen, Yen-Chi and Smith, Maureen A and Zhao, Ying-Qi},
  journal={arXiv preprint arXiv:2207.02289},
  year={2022}
}
@article{zhou2012efficient,
  title={An efficient method of estimation for longitudinal surveys with monotone missing data},
  author={Zhou, Ming and Kim, Jae Kwang},
  journal={Biometrika},
  volume={99},
  number={3},
  pages={631--648},
  year={2012},
  publisher={Oxford University Press}
}
@article{harville1977maximum,
  title={Maximum likelihood approaches to variance component estimation and to related problems},
  author={Harville, David A},
  journal={Journal of the American statistical association},
  volume={72},
  number={358},
  pages={320--338},
  year={1977},
  publisher={Taylor \& Francis}
}
@article{patterson1971recovery,
  title={Recovery of inter-block information when block sizes are unequal},
  author={Patterson, H Desmond and Thompson, Robin},
  journal={Biometrika},
  volume={58},
  number={3},
  pages={545--554},
  year={1971},
  publisher={Oxford University Press}
}
@article{meurer2017sympy,
  title={SymPy: symbolic computing in Python},
  author={Meurer, Aaron and Smith, Christopher P and Paprocki, Mateusz and Certik, Ondrej and Kirpichev, Sergey B and Rocklin, Matthew and Kumar, AMiT and Ivanov, Sergiu and Moore, Jason K and Singh, Sartaj and others},
  journal={PeerJ Computer Science},
  volume={3},
  pages={e103},
  year={2017},
  publisher={PeerJ Inc.}
}
@article{robinson1988root,
  title={Root-N-consistent semiparametric regression},
  author={Robinson, Peter M},
  journal={Econometrica: Journal of the Econometric Society},
  pages={931--954},
  year={1988},
  publisher={JSTOR}
}
@misc{kwon2024debiased,
  title={Debiased calibration estimation using generalized entropy in survey sampling}, 
  author={Yonghyun Kwon and Jae Kwang Kim and Yumou Qiu},
  year={2024},
  eprint={2404.01076},
  archivePrefix={arXiv},
  primaryClass={stat.ME}
}
@article{deville1992calibration,
  title={Calibration estimators in survey sampling},
  author={Deville, Jean-Claude and Sarndal, Carl-Erik},
  journal={Journal of the American statistical Association},
  volume={87},
  number={418},
  pages={376--382},
  year={1992},
  publisher={Taylor \& Francis}
}
@article{horvitz1952generalization,
  title={A generalization of sampling without replacement from a finite universe},
  author={Horvitz, Daniel G and Thompson, Donovan J},
  journal={Journal of the American statistical Association},
  volume={47},
  number={260},
  pages={663--685},
  year={1952},
  publisher={Taylor \& Francis}
}
@article{narain1951sampling,
  title={On sampling without replacement with varying probabilities},
  author={Narain, RD},
  journal={Journal of the Indian Society of Agricultural Statistics},
  volume={3},
  number={2},
  pages={169--175},
  year={1951}
}
@article{gneiting2007strictly,
  title={Strictly proper scoring rules, prediction, and estimation},
  author={Gneiting, Tilmann and Raftery, Adrian E},
  journal={Journal of the American statistical Association},
  volume={102},
  number={477},
  pages={359--378},
  year={2007},
  publisher={Taylor \& Francis}
}
@article{renssen1997aligning,
  title={Aligning estimates for common variables in two or more sample surveys},
  author={Renssen, Robbert H and Nieuwenbroek, Nico J},
  journal={Journal of the American Statistical Association},
  volume={92},
  number={437},
  pages={368--374},
  year={1997},
  publisher={Taylor \& Francis}
}
@article{randles1982asymptotic,
  title={On the asymptotic normality of statistics with estimated parameters},
  author={Randles, Ronald H},
  journal={The Annals of Statistics},
  pages={462--474},
  year={1982},
  publisher={JSTOR}
}
@article{fay1992inferences,
  title={When Are Inferences from Multiple Imputation Valid?.},
  author={Fay, Robert E},
  year={1992},
  publisher={US Census Bureau [custodian]}
}
@article{kim2006replication,
  title={Replication variance estimation for two-phase stratified sampling},
  author={Kim, Jae Kwang and Navarro, Alfredo and Fuller, Wayne A},
  journal={Journal of the American statistical association},
  volume={101},
  number={473},
  pages={312--320},
  year={2006},
  publisher={Taylor \& Francis}
}
@article{shao1999variance,
  title={Variance estimation for survey data with composite imputation and nonnegligible sampling fractions},
  author={Shao, Jun and Steel, Philip},
  journal={Journal of the American Statistical Association},
  volume={94},
  number={445},
  pages={254--265},
  year={1999},
  publisher={Taylor \& Francis}
}
@book{kish1965survey,
  title={Survey Sampling},
  author={Kish, L.},
  year={1965},
  publisher={John Wiley \& Sons, Inc.}
}
